=LDR  03293 am a22006731a 4500
=001  018865525
=003  Uk
=005  20180508181432.0
=006  m\\\\\o\\d\\\\\\\\
=007  cr\cnu|||uuu||
=008  031017s2003\\\\nyua\\\\ob\\\\001\0\eng\d
=FMT  \\$a  BK
=020  \\$a038722629X$q(electronic bk.)
=020  \\$a9780387226293$q(electronic bk.)
=020  \\$a058547267X$q(electronic bk.)
=020  \\$a9780585472676$q(electronic bk.)
=020  \\$a0387953620$q(Cloth)
=020  \\$a9780387953625$q(Cloth)
=035  \\$a(OCoLC)53224552
=037  \\$a978-0-387-95362-5$bSpringer$nhttp://www.springerlink.com
=040  \\$aN$beng$cN$dOCL$dYDXCP$dOCLCG$dOCLCQ$dTUU$dOCLCQ$dTNF$dUAB$dGW5XE$dEBLCP$dQE2$dIDEBK$dE7B$dUBC$dOCLCQ$dNLGGC$dOCLCO$dOCLCQ$dCSL$dOCLCQ$dSUR$dUk$epn
=042  \\$aukblderived
=050  \4$aRB38$b.I54 2003eb
=060  \4$a2002 O-104
=060  \4$aQY 26.5$bI43 2002
=072  \7$aSCI$x013020$2bisacsh
=072  \7$aMED$x014000$2bisacsh
=072  \7$aR$2lcco
=082  04$a616.07/56/0285$222
=084  \\$a44.46$2bcl
=245  00$aInformatics for the clinical laboratory :$ba practical guide /$cDaniel F. Cowan, editor.
=260  \\$aNew York :$bSpringer,$c©2003.
=300  \\$a1 online resource (xii, 320 pages) :$billustrations.
=336  \\$atext$btxt$2rdacontent
=337  \\$acomputer$bc$2rdamedia
=338  \\$aonline resource$bcr$2rdacarrier
=490  1\$aHealth informatics
=504  \\$aIncludes bibliographical references and index.
=505  0\$aCover -- Series Preface -- Preface -- Table of Contents -- Contributors -- 1. Laboratory Informatics and the Laboratory Information System -- 2. Developing the Laboratory Information System -- 3. Validation of the Laboratory Information System -- 4. Security and Confidentiality on Laboratory Computer Systems -- 5. Total Cost of Ownership -- 6. Computer Basics -- 7. Computer Networks -- 8. Interfaces -- 9. Bar Coding in the Laboratory -- 10. Wireless Communication Networks in the Laboratory -- 11. Essential Software -- 12. Clinical and Anatomic Pathology Database Design -- 13. Process Modeling -- 14. Artificial Intelligence and Expert Systems -- 15. Imaging, Image Analysis and Computer-Assisted Quantitation -- 16. Introduction to Telepathology -- Glossary.
=588  0\$aPrint version record.
=650  \0$aPathological laboratories$xData processing.
=650  \0$aMedical informatics.
=650  \0$aInformation storage and retrieval systems$xDiagnosis, Laboratory.
=650  \2$aClinical Laboratory Information Systems.
=650  \4$aMedicine.
=650  \7$aSCIENCE$xChemistry$xClinical.$2bisacsh
=650  \7$aMEDICAL$xClinical Medicine.$2bisacsh
=655  \4$aElectronic books.
=700  1\$aCowan, Daniel F.,$d1934-
=830  \0$aHealth informatics.
=856  4\$3Table of contents$uhttp://catdir.loc.gov/catdir/toc/fy045/2001053051.html
=859  \\$aORR$bpurchased ebook
=985  \\$aLoaded by Collection Metadata-generated file for WR# 1803-1566
=CAT  \\$aYBPSR$b00$c20180508$lBLL01$h1814
=CAT  \\$aBATCH$b00$c20180508$lBLL01$h1814
=CAT  \\$aBATCH-UPD$b00$c20180508$lBLL01$h1814
=FIN  \\$aY$d20180508
=SRC  \\$aSPRINGER EBOOKS$bCleaned20180115CM17117Springerblmerge.lex
=LAS  \\$aBATCH-UPD$b00$c20180508$lBLL01$h1814

